<collection xmlns="http://www.loc.gov/MARC21/slim">
<record>
  <leader>01329nam0a22002291i 450 </leader>
  <controlfield tag="001">IT\ICCU\CNCE\057437</controlfield>
  <controlfield tag="005">20150728000000.0</controlfield>
  <datafield tag="100" ind1=" " ind2=" ">
    <subfield code="a">20040415d1543        0itac0103    ba</subfield>
  </datafield>
  <datafield tag="101" ind1=" " ind2=" ">
    <subfield code="a">LAT</subfield>
  </datafield>
  <datafield tag="102" ind1=" " ind2=" ">
    <subfield code="a">IT</subfield>
  </datafield>
  <datafield tag="200" ind1="1" ind2=" ">
    <subfield code="a">Ciuile proprium ius ac leges sacratissi. vniuersitati terre Sarnani eidem vltra comune ius diuina experientia ad bene beateque viuendum tutandamque inter improbos innocentiam seruande necessario vel probabiliter saltem consulto parate probis improbis ac iudicibus tribunalia regentibus tum perutiles tum iucunda breui quodam ac miro compendio congeste hic feliciter incipiunt a sacris primum (vt par est) exordiendo a quibus verum habuere initium</subfield>
  </datafield>
  <datafield tag="210" ind1=" " ind2=" ">
    <subfield code="e">Impressum Anconae</subfield>
    <subfield code="g">per magistrum Ianuarium de Fagnolis de Monteferrato</subfield>
    <subfield code="h">1543 die uero XXIIII mensis Februarii</subfield>
  </datafield>
  <datafield tag="215" ind1=" " ind2=" ">
    <subfield code="a">\4!, XLVI c.</subfield>
    <subfield code="d">fol</subfield>
  </datafield>
  <datafield tag="620" ind1=" " ind2=" ">
    <subfield code="a">IT</subfield>
    <subfield code="d">Ancona</subfield>
  </datafield>
  <datafield tag="710" ind1="0" ind2="2">
    <subfield code="a">Sarnano</subfield>
    <subfield code="3">17515</subfield>
  </datafield>
  <datafield tag="712" ind1="0" ind2="0">
    <subfield code="a">De_Fagnolis, Gennaro</subfield>
    <subfield code="3">IT\ICCU\CNCT\000175</subfield>
    <subfield code="4">650</subfield>
  </datafield>
  <datafield tag="791" ind1="0" ind2="2">
    <subfield code="a">Sarnanus</subfield>
    <subfield code="3">23884</subfield>
    <subfield code="z">Sarnano</subfield>
  </datafield>
  <datafield tag="791" ind1="0" ind2="2">
    <subfield code="a">Gennadius de Monteferrato</subfield>
    <subfield code="3">IT\ICCU\CNCT\003203</subfield>
    <subfield code="z">De_Fagnolis, Gennaro</subfield>
  </datafield>
  <datafield tag="791" ind1="0" ind2="2">
    <subfield code="a">Gennaro de Monteferrato</subfield>
    <subfield code="3">IT\ICCU\CNCT\003204</subfield>
    <subfield code="z">De_Fagnolis, Gennaro</subfield>
  </datafield>
  <datafield tag="791" ind1="0" ind2="0">
    <subfield code="a">Fagnolis, Gennaro de</subfield>
    <subfield code="3">IT\ICCU\CNCT\003205</subfield>
    <subfield code="z">De_Fagnolis, Gennaro</subfield>
  </datafield>
  <datafield tag="791" ind1="0" ind2="0">
    <subfield code="a">Fagnolis, Ianuarius de</subfield>
    <subfield code="3">IT\ICCU\CNCT\004544</subfield>
    <subfield code="z">De_Fagnolis, Gennaro</subfield>
  </datafield>
  <datafield tag="801" ind1=" " ind2="3">
    <subfield code="a">IT</subfield>
    <subfield code="b">ICCU</subfield>
    <subfield code="c">20201115</subfield>
  </datafield>
</record>
</collection>
